@article{AlBa1,
author = "Barabási, A.-L. and Albert, R. and Jeong, H.",
title = "Mean-field theory for scale-free random networks",
year = 1999,
pages = "173–187",
journal = "Physica A",
volume = "272"
}
@article{AlBa2,
author = "Albert, R. and Barabási, A.-L.",
title = "Statistical mechanics of complex networks",
year = 2002,
pages = "47-97",
journal = "Reviews of Modern Physics",
volume = "74"
}
@article{Dor1,
author = "Dorogovtsev, S. N. and Goltsev, A. V. and Mendes, J. F. F.",
title = "Pseudofractal scale-free web",
year = 2002,
journal = "Physical Review E",
volume = "65"
}
@article{Dor2,
author = "Dorogovtsev, S. N. and Mendes, J. F. F.",
title = "Evolution of networks",
pages = "1079-1187",
year = 2002,
journal = "Advances in Physics",
volume = "51"
}
@article{Rozenfeld1,
author = "Rozenfeld, Hernan D. and ben-Avraham, Daniel",
title = "Percolation in Hierarchical Scale-Free Nets",
year = 2007,
journal = "Physical Review E",
volume = "75"
}
@article{Rozenfeld2,
author = "Rozenfeld, Hernan D. and Havlin, Shlomo and ben-Avraham, Daniel",
title = "Fractal and Transfractal Recursive Scale-Free Nets",
year = 2007,
journal = "New Journal of Physics",
pages = "175",
volume = "9"
}
@article{Newman1,
author = "Newman, M. E. J.",
title = "The structure and function of complex networks",
pages = "167–256",
year = 2003,
journal = "SIAM Review",
volume = "45"
}
@article{Newman2,
author = "Newman, M. E. J.",
title = "Assortative mixing in networks",
year = 2002,
journal = "Physical Review Letter",
volume = "89"
}
@article{Landau,
author = "Landau, L. D.",
title = "On the theory of phase transitions",
year = 1937,
pages = "19–32",
journal = "Zh. Eksp. Teor. Fiz. 7"
}
@book{Pareto,
author = "Pareto, Vilfredo",
title = "Manual of political economy",
year = 1969,
pages = 504,
publisher = "Augustus M Kelley Pubs"
}
@article{Mills,
author = "Mills, Terence C. and Patterson, Kerry D.",
title = "Carmichael's arctan trend : precursor of smooth transition functions",
year = 2013,
journal = "Reading : Univ. of Reading, Dep. of Economics"
}
@book{Hazewinkel,
author = "Hazewinkel, Michiel",
title = "Encyclopedia of Mathematics",
year = 1995,
publisher = "Springer"
}

